<record><leader>00000cas a22000007a 4500</leader><controlfield tag="001">17915619</controlfield><controlfield tag="008">880506d18801922iauwr ne      0    0eng d</controlfield><datafield ind1=" " ind2=" " tag="010"><subfield code="a">sn 88059428 </subfield></datafield><datafield ind1=" " ind2=" " tag="040"><subfield code="a">INP</subfield><subfield code="b">eng</subfield><subfield code="c">INP</subfield><subfield code="d">OCLCQ</subfield></datafield><datafield ind1=" " ind2=" " tag="042"><subfield code="a">msc</subfield></datafield><datafield ind1="0" ind2="4" tag="245"><subfield code="a">The Oelwein register.</subfield></datafield><datafield ind1=" " ind2=" " tag="260"><subfield code="a">Oelwein, Fayette County, Iowa :</subfield><subfield code="b">Woodruff &amp; Hoyer</subfield></datafield><datafield ind1=" " ind2=" " tag="300"><subfield code="a">v.</subfield></datafield><datafield ind1=" " ind2=" " tag="310"><subfield code="a">Weekly</subfield></datafield><datafield ind1="1" ind2=" " tag="362"><subfield code="a">Issued Aug. 1880-1922?</subfield></datafield><datafield ind1=" " ind2=" " tag="500"><subfield code="a">Publisher varies.</subfield></datafield><datafield ind1=" " ind2=" " tag="515"><subfield code="a">Issues for &lt;June 22, 1893-May 23, 1895&gt; called also whole no. &lt;622-719&gt;.</subfield></datafield><datafield ind1=" " ind2=" " tag="588"><subfield code="a">Description based on: Vol. 12, no. 46 (June 22, 1893).</subfield></datafield><datafield ind1=" " ind2=" " tag="752"><subfield code="a">United States</subfield><subfield code="b">Iowa</subfield><subfield code="c">Fayette</subfield><subfield code="d">Oelwein.</subfield></datafield><datafield ind1="0" ind2=" " tag="775"><subfield code="t">Oelwein daily register</subfield><subfield code="w">(DLC)sn 82014056</subfield><subfield code="g">July 23, 1906-&lt;1920&gt;</subfield></datafield><datafield ind1="0" ind2="4" tag="785"><subfield code="t">Oelwein daily register</subfield><subfield code="w">(DLC)sn 82014056</subfield></datafield></record>